@String(PAMI = {IEEE Trans. Pattern Anal. Mach. Intell.})
@String(IJCV = {Int. J. Comput. Vis.})
@String(CVPR= {IEEE Conf. Comput. Vis. Pattern Recog.})
@String(ICCV= {Int. Conf. Comput. Vis.})
@String(ECCV= {Eur. Conf. Comput. Vis.})
@String(NIPS= {Adv. Neural Inform. Process. Syst.})
@String(ICPR = {Int. Conf. Pattern Recog.})
@String(BMVC= {Brit. Mach. Vis. Conf.})
@String(TOG= {ACM Trans. Graph.})
@String(TIP  = {IEEE Trans. Image Process.})
@String(TVCG  = {IEEE Trans. Vis. Comput. Graph.})
@String(TMM  = {IEEE Trans. Multimedia})
@String(ACMMM= {ACM Int. Conf. Multimedia})
@String(ICME = {Int. Conf. Multimedia and Expo})
@String(ICASSP=	{ICASSP})
@String(ICIP = {IEEE Int. Conf. Image Process.})
@String(ACCV  = {ACCV})
@String(ICLR = {Int. Conf. Learn. Represent.})
@String(IJCAI = {IJCAI})
@String(PR   = {Pattern Recognition})
@String(AAAI = {AAAI})
@String(CVPRW= {IEEE Conf. Comput. Vis. Pattern Recog. Worksh.})
@String(CSVT = {IEEE Trans. Circuit Syst. Video Technol.})

@String(SPL	= {IEEE Sign. Process. Letters})
@String(VR   = {Vis. Res.})
@String(JOV	 = {J. Vis.})
@String(TVC  = {The Vis. Comput.})
@String(JCST  = {J. Comput. Sci. Tech.})
@String(CGF  = {Comput. Graph. Forum})
@String(CVM = {Computational Visual Media})


@String(PAMI  = {IEEE TPAMI})
@String(IJCV  = {IJCV})
@String(CVPR  = {CVPR})
@String(ICCV  = {ICCV})
@String(ECCV  = {ECCV})
@String(NIPS  = {NeurIPS})
@String(ICPR  = {ICPR})
@String(BMVC  =	{BMVC})
@String(TOG   = {ACM TOG})
@String(TIP   = {IEEE TIP})
@String(TVCG  = {IEEE TVCG})
@String(TCSVT = {IEEE TCSVT})
@String(TMM   =	{IEEE TMM})
@String(ACMMM = {ACM MM})
@String(ICME  =	{ICME})
@String(ICASSP=	{ICASSP})
@String(ICIP  = {ICIP})
@String(ACCV  = {ACCV})
@String(ICLR  = {ICLR})
@String(IJCAI = {IJCAI})
@String(PR = {PR})
@String(AAAI = {AAAI})
@String(CVPRW= {CVPRW})
@String(CSVT = {IEEE TCSVT})



@inproceedings{wang2017chestx,
  title={Chestx-ray8: Hospital-scale chest x-ray database and benchmarks on weakly-supervised classification and localization of common thorax diseases},
  author={Wang, Xiaosong and Peng, Yifan and Lu, Le and Lu, Zhiyong and Bagheri, Mohammadhadi and Summers, Ronald M},
  booktitle={Proceedings of the IEEE conference on computer vision and pattern recognition},
  pages={2097--2106},
  year={2017}
}

@article{kermany2018labeled,
  title={Labeled optical coherence tomography (oct) and chest x-ray images for classification},
  author={Kermany, Daniel and Zhang, Kang and Goldbaum, Michael and others},
  journal={Mendeley data},
  volume={2},
  number={2},
  year={2018}
}

@article{rahman2020reliable,
  title={Reliable tuberculosis detection using chest X-ray with deep learning, segmentation and visualization},
  author={Rahman, Tawsifur and Khandakar, Amith and Kadir, Muhammad Abdul and Islam, Khandaker Rejaul and Islam, Khandakar F and Mazhar, Rashid and Hamid, Tahir and Islam, Mohammad Tariqul and Kashem, Saad and Mahbub, Zaid Bin and others},
  journal={IEEE Access},
  volume={8},
  pages={191586--191601},
  year={2020},
  publisher={IEEE}
}

@article{cohen2020covid,
  title={Covid-19 image data collection: Prospective predictions are the future},
  author={Cohen, Joseph Paul and Morrison, Paul and Dao, Lan and Roth, Karsten and Duong, Tim Q and Ghassemi, Marzyeh},
  journal={arXiv preprint arXiv:2006.11988},
  year={2020}
}

@inproceedings{balandat2020botorch,
  title = {{BoTorch: A Framework for Efficient Monte-Carlo Bayesian Optimization}},
  author = {Balandat, Maximilian and Karrer, Brian and Jiang, Daniel R. and Daulton, Samuel and Letham, Benjamin and Wilson, Andrew Gordon and Bakshy, Eytan},
  booktitle = {Advances in Neural Information Processing Systems 33},
  year = 2020,
  url = {http://arxiv.org/abs/1910.06403}
}

@article{gielczyk2022pre,
  title={Pre-processing methods in chest X-ray image classification},
  author={Gie{\l}czyk, Agata and Marciniak, Anna and Tarczewska, Martyna and Lutowski, Zbigniew},
  journal={Plos one},
  volume={17},
  number={4},
  pages={e0265949},
  year={2022},
  publisher={Public Library of Science San Francisco, CA USA}
}

@misc{andrew2022rad,
  author = {Andrew Murphy},
  title = {Radiographic contrast},
  year = 2022,
  howpublished = {\url{https://radiopaedia.org/articles/radiographic-contrast}},
  urldate = {2022-03-08}
}

@misc{pytorchmodels,
  title = {Models and pre-trained weights},
  author = {PyTorch},
  howpublished = {\url{https://pytorch.org/vision/stable/models.html#classification}},
}

@article{simonyan2014very,
  title={Very deep convolutional networks for large-scale image recognition},
  author={Simonyan, Karen and Zisserman, Andrew},
  journal={arXiv preprint arXiv:1409.1556},
  year={2014}
}

@inproceedings{szegedy2016rethinking,
  title={Rethinking the inception architecture for computer vision},
  author={Szegedy, Christian and Vanhoucke, Vincent and Ioffe, Sergey and Shlens, Jon and Wojna, Zbigniew},
  booktitle={Proceedings of the IEEE conference on computer vision and pattern recognition},
  pages={2818--2826},
  year={2016}
}

@inproceedings{he2016deep,
  title={Deep residual learning for image recognition},
  author={He, Kaiming and Zhang, Xiangyu and Ren, Shaoqing and Sun, Jian},
  booktitle={Proceedings of the IEEE conference on computer vision and pattern recognition},
  pages={770--778},
  year={2016}
}

@misc{dloptimizers,
  author = {Ayush Gupta},
  title = {A Comprehensive Guide on Deep Learning Optimizers},
  year = 2021,
  howpublished = {\url{https://www.analyticsvidhya.com/blog/2021/10/a-comprehensive-guide-on-deep-learning-optimizers/}},
  urldate = {2021-10-07}
}

@misc{fmeasure,
  author = {Jason Brownlee},
  title = {A Gentle Introduction to the Fbeta-Measure for Machine Learning},
  year = 2020,
  howpublished = {\url{https://machinelearningmastery.com/fbeta-measure-for-machine-learning/}},
  urldate = {2020-02-24}
}
@misc{jacobgilpytorchcam,
  title={PyTorch library for CAM methods},
  author={Jacob Gildenblat and contributors},
  year={2021},
  publisher={GitHub},
  howpublished={\url{https://github.com/jacobgil/pytorch-grad-cam}},
}
@inproceedings{NIPS2017_8a20a862,
 author = {Lundberg, Scott M and Lee, Su-In},
 booktitle = {Advances in Neural Information Processing Systems},
 editor = {I. Guyon and U. Von Luxburg and S. Bengio and H. Wallach and R. Fergus and S. Vishwanathan and R. Garnett},
 pages = {},
 publisher = {Curran Associates, Inc.},
 title = {A Unified Approach to Interpreting Model Predictions},
 url = {https://proceedings.neurips.cc/paper/2017/file/8a20a8621978632d76c43dfd28b67767-Paper.pdf},
 volume = {30},
 year = {2017}
}

@misc{transforms,
author = {PyTorch},
title = {Transforming and augmenting images},
howpublished = {\url{https://pytorch.org/vision/stable/transforms.html}}
}
@misc{covidchest,
author = {Prashant Patel},
title = {Chest X-ray (Covid-19 \& Pneumonia)},
howpublished = {\url{https://www.kaggle.com/datasets/prashant268/chest-xray-covid19-pneumonia}},
year = {2020}
}

@misc{kaggle8,
author = {Wang, Xiaosong and Peng, Yifan and Lu, Le and Lu, Zhiyong and Bagheri, Mohammadhadi and Summers, Ronald M},
title = {NIH Chest X-rays},
howpublished = {\url{https://www.kaggle.com/datasets/nih-chest-xrays/data}},
year = {2017}
}

@misc{kagglepneu,
author = {Tolga},
title = {Chest X-ray Images},
howpublished = {\url{https://www.kaggle.com/datasets/tolgadincer/labeled-chest-xray-images}},
year = {2020}
}

@article{kandel2020comparative,
  title={Comparative study of first order optimizers for image classification using convolutional neural networks on histopathology images},
  author={Kandel, Ibrahem and Castelli, Mauro and Popovi{\v{c}}, Ale{\v{s}}},
  journal={Journal of imaging},
  volume={6},
  number={9},
  pages={92},
  year={2020},
  publisher={MDPI}
}



